@article{redmon2018yolov3,
	title={Yolov3: An incremental improvement},
	author={Redmon, Joseph and Farhadi, Ali},
	journal={arXiv preprint arXiv:1804.02767},
	year={2018}
}

@article{villa2017towards,
	title={Towards automatic wild animal monitoring: Identification of animal species in camera-trap images using very deep convolutional neural networks},
	author={Villa, Alexander Gomez and Salazar, Augusto and Vargas, Francisco},
	journal={Ecological Informatics},
	volume={41},
	pages={24--32},
	year={2017},
	publisher={Elsevier}
}

@inproceedings{gomez2016animal,
	title={Animal identification in low quality camera-trap images using very deep convolutional neural networks and confidence thresholds},
	author={Gomez, Alexander and Diez, German and Salazar, Augusto and Diaz, Angelica},
	booktitle={International Symposium on Visual Computing},
	pages={747--756},
	year={2016},
	organization={Springer}
}

@inproceedings{chen2014deep,
	title={Deep convolutional neural network based species recognition for wild animal monitoring},
	author={Chen, Guobin and Han, Tony X and He, Zhihai and Kays, Roland and Forrester, Tavis},
	booktitle={2014 IEEE International Conference on Image Processing (ICIP)},
	pages={858--862},
	year={2014},
	organization={IEEE}
}

@article{swinnen2014novel,
	title={A novel method to reduce time investment when processing videos from camera trap studies},
	author={Swinnen, Kristijn RR and Reijniers, Jonas and Breno, Matteo and Leirs, Herwig},
	journal={PloS one},
	volume={9},
	number={6},
	pages={e98881},
	year={2014},
	publisher={Public Library of Science}
}

@article{norouzzadeh2018automatically,
	title={Automatically identifying, counting, and describing wild animals in camera-trap images with deep learning},
	author={Norouzzadeh, Mohammad Sadegh and Nguyen, Anh and Kosmala, Margaret and Swanson, Alexandra and Palmer, Meredith S and Packer, Craig and Clune, Jeff},
	journal={Proceedings of the National Academy of Sciences},
	volume={115},
	number={25},
	pages={E5716--E5725},
	year={2018},
	publisher={National Acad Sciences}
}

@article{harris2010automatic,
	title={Automatic storage and analysis of camera trap data},
	author={Harris, Grant and Thompson, Ron and Childs, Jack L and Sanderson, James G},
	journal={The Bulletin of the Ecological Society of America},
	volume={91},
	number={3},
	pages={352--360},
	year={2010},
	publisher={Wiley Online Library}
}

@article{karanth2006assessing,
	title={Assessing tiger population dynamics using photographic capture--recapture sampling},
	author={Karanth, K Ullas and Nichols, James D and Kumar, N Samba and Hines, James E},
	journal={Ecology},
	volume={87},
	number={11},
	pages={2925--2937},
	year={2006},
	publisher={Wiley Online Library}
}

@article{o2006estimating,
	title={Estimating site occupancy and detection probability parameters for meso-and large mammals in a coastal ecosystem},
	author={O'Connell Jr, Allan F and Talancy, Neil W and Bailey, Larissa L and Sauer, John R and Cook, Robert and Gilbert, Andrew T},
	journal={The Journal of Wildlife Management},
	volume={70},
	number={6},
	pages={1625--1633},
	year={2006},
	publisher={Wiley Online Library}
}

@misc{martyr1997important,
	title={Important findings by FFI team in Kerinci Seblat, Sumatra, Indonesia},
	author={Martyr, D},
	year={1997},
	publisher={BLACKWELL SCIENCE LTD PO BOX 88, OSNEY MEAD, OXFORD, OXON, ENGLAND OX2 0NE}
}

@article{surridge1999striped,
	title={Striped rabbits in southeast Asia},
	author={Surridge, Alison K and Timmins, Robert J and Hewitt, Godfrey M and Bell, Diana J},
	journal={Nature},
	volume={400},
	number={6746},
	pages={726},
	year={1999},
	publisher={Nature Publishing Group}
}

@article{carthew1991monitoring,
	title={Monitoring animal activity with automated photography},
	author={Carthew, Susan M and Slater, Ederic},
	journal={The Journal of Wildlife Management},
	pages={689--692},
	year={1991},
	publisher={JSTOR}
}

@article{major1994inexpensive,
	title={An inexpensive photographic technique for identifying nest predators at active nests of birds.},
	author={Major, Richard E and Gowing, G},
	journal={Wildlife Research},
	volume={21},
	number={6},
	pages={657--665},
	year={1994},
	publisher={CSIRO}
}

@book{o2010camera,
	title={Camera traps in animal ecology: methods and analyses},
	author={O'Connell, Allan F and Nichols, James D and Karanth, K Ullas},
	year={2010},
	publisher={Springer Science \& Business Media}
}

@article{harris2010automatic,
	title={Automatic storage and analysis of camera trap data},
	author={Harris, Grant and Thompson, Ron and Childs, Jack L and Sanderson, James G},
	journal={The Bulletin of the Ecological Society of America},
	volume={91},
	number={3},
	pages={352--360},
	year={2010},
	publisher={Wiley Online Library}
}


@inproceedings{nygiuen,
	author = {Nguyen, Peter and Jelic, Vedran and J. Hornig, Graham and Rathje, Christopher and A. Hegmann, Frank},
	year = {2018},
	month = {01},
	pages = {JW2A.122},
	title = {Calculating Terahertz Near-fields in the Scanning Tunneling Microscope Junction},
	doi = {10.1364/CLEO_AT.2018.JW2A.122}
}
